@electronic{WHO_2010_1,
 	title={What is a pandemic?}, howpublished={\url{https://www.who.int/csr/disease/swineflu/frequently_asked_questions/pandemic/en/}},
 	publisher={World Health Organization},
 	year={2010},
 	month={Feb},
 	note={Accessed: 20 May 2020}
 }
 
@article{WHO_2011,
	title={The classical definition of a pandemic is not elusive},
	author={Kelly, Heath},
	journal={Bulletin of the World Health Organization},
	volume={89},
	pages={540--541},
	year={2011},
	howpublished={\url{https://www.who.int/dg/speeches/detail/who-director-general-s-opening-remarks-at-the-media-briefing-on-covid-19---11-march-2020}},
	note={Accessed: 20 May 2020}
}

@book{scharnhorst2012models,
	title={Models of science dynamics: Encounters between complexity theory and information sciences},
	author={Scharnhorst, Andrea and B{\"o}rner, Katy and van den Besselaar, Peter},
	year={2012},
	publisher={Springer Science \& Business Media}
}

@article{kermack1927contribution,
	title={A contribution to the mathematical theory of epidemics},
	author={Kermack, William Ogilvy and McKendrick, Anderson G},
	journal={Proceedings of the royal society of london. Series A, Containing papers of a mathematical and physical character},
	volume={115},
	number={772},
	pages={700--721},
	year={1927},
	publisher={The Royal Society London}
}
 